<record><leader>00000cas a22000007a 4500</leader><controlfield tag="001">13732053</controlfield><controlfield tag="008">860614d18991910hiuwr ne      0    0por d</controlfield><datafield ind1=" " ind2=" " tag="010"><subfield code="a">sn 85047304 </subfield></datafield><datafield ind1=" " ind2=" " tag="040"><subfield code="a">HWN</subfield><subfield code="b">eng</subfield><subfield code="c">HWN</subfield><subfield code="d">CRL</subfield><subfield code="d">OCLCQ</subfield><subfield code="d">OCLCF</subfield><subfield code="d">OCLCO</subfield><subfield code="d">OCL</subfield></datafield><datafield ind1=" " ind2=" " tag="042"><subfield code="a">msc</subfield></datafield><datafield ind1=" " ind2=" " tag="043"><subfield code="a">n-us-hi</subfield></datafield><datafield ind1="0" ind2=" " tag="130"><subfield code="a">Liberdade (Honolulu, Hawaii)</subfield></datafield><datafield ind1="1" ind2="2" tag="245"><subfield code="a">A Liberdade.</subfield></datafield><datafield ind1=" " ind2=" " tag="260"><subfield code="a">Honolulu, Ter. de Hawaii :</subfield><subfield code="b">C. Pereira</subfield></datafield><datafield ind1=" " ind2=" " tag="300"><subfield code="a">v. ;</subfield><subfield code="c">58 cm.</subfield></datafield><datafield ind1=" " ind2=" " tag="310"><subfield code="a">Weekly</subfield></datafield><datafield ind1="0" ind2=" " tag="362"><subfield code="a">1. anno, no. 1 (17 de agosto de 1899)-</subfield></datafield><datafield ind1="1" ind2=" " tag="362"><subfield code="a">Ceased in 1910.</subfield><subfield code="z">Cf. Portuguese lang. press in Hawaii / Edgar Knowlton (Social process in Hawaii, v. 24, 1960).</subfield></datafield><datafield ind1=" " ind2=" " tag="500"><subfield code="a">Editors: 1900-1906, 1907-1910, C. Pereira; 1906-1907, J.F. Dura&#771;o.</subfield></datafield><datafield ind1="8" ind2=" " tag="521"><subfield code="a">"The independent paper of the Portuguese colony."</subfield></datafield><datafield ind1=" " ind2=" " tag="546"><subfield code="a">In Portuguese.</subfield></datafield><datafield ind1=" " ind2="0" tag="650"><subfield code="a">Portuguese newspapers</subfield><subfield code="z">Hawaii.</subfield></datafield><datafield ind1=" " ind2="0" tag="651"><subfield code="a">Honolulu (Hawaii)</subfield><subfield code="v">Newspapers.</subfield></datafield><datafield ind1=" " ind2="7" tag="650"><subfield code="a">Portuguese newspapers.</subfield><subfield code="2">fast</subfield><subfield code="0">(OCoLC)fst01072599</subfield></datafield><datafield ind1=" " ind2="7" tag="651"><subfield code="a">Hawaii.</subfield><subfield code="2">fast</subfield><subfield code="0">(OCoLC)fst01208724</subfield></datafield><datafield ind1=" " ind2="7" tag="651"><subfield code="a">Hawaii</subfield><subfield code="z">Honolulu.</subfield><subfield code="2">fast</subfield><subfield code="0">(OCoLC)fst01204916</subfield></datafield><datafield ind1=" " ind2="7" tag="655"><subfield code="a">Newspapers.</subfield><subfield code="2">fast</subfield><subfield code="0">(OCoLC)fst01423814</subfield></datafield><datafield ind1="1" ind2=" " tag="700"><subfield code="a">Pereira, Camillo,</subfield><subfield code="d">1858-1911.</subfield></datafield><datafield ind1="1" ind2=" " tag="700"><subfield code="a">Durao&#771;, J. F.</subfield><subfield code="q">(Joseph Ferreira),</subfield><subfield code="d">1869-1942.</subfield></datafield><datafield ind1=" " ind2=" " tag="752"><subfield code="a">United States</subfield><subfield code="b">Hawaii</subfield><subfield code="c">Honolulu</subfield><subfield code="d">Honolulu.</subfield></datafield><datafield ind1="1" ind2=" " tag="029"><subfield code="a">AU@</subfield><subfield code="b">000025836901</subfield></datafield></record>